@book{marquardt2020fotografia,
  title={Fotografia analogica. Riscoprire la fotografia su pellicola 35mm, medio e grande formato},
  author={Marquardt, C. and Andrae, M. and Rizzon, A.},
  isbn={9788850335183},
  url={https://books.google.it/books?id=94dUzQEACAAJ},
  year={2020},
  publisher={Apogeo}
}

@book{gatcum2017manuale,
  title={Manuale completo di fotografia. Una guida essenziale per realizzare scatti perfetti},
  author={Gatcum, C. and De Sole, A.},
  isbn={9788854033320},
  series={I corsi di fotografia National Geographic},
  url={https://books.google.it/books?id=473LtAEACAAJ},
  year={2017},
  publisher={White Star}
}

@BOOK{Fodde2020-xh,
  title    = "Fotografare in bianconero. Conoscere l'attrezzatura, imparare le
              tecniche, sviluppare la creativit{\`a}",
  author   = "Fodde, Marco",
  year     =  2020,
  language = "it"
}